%% Books

@book{FLOYD,
    author    = "Thomas L. Floyd",
    title     = "Digital Fundamentals, Global Edition",
    edition   = "11",
    year      = "2015",
    publisher = "Pearson Education Canada",
    address   = "Harlow, United Kingdom"
}

@book{AMD,
    author    = {{Advanced Micro Devices, AMD}},
    title     = "PAL Device Data Book and Design Guide",
    note      = {Rev. A},
    month     = {June},
    year      = {1993},
    address   = "Sunnyvale, CA, USA"
}

@book{LOGIC_GUIDE,
    author    = {{Texas Instruments Incorporated}},
    title     = "Logic Guide",
    url       = {https://www.ti.com/lit/sg/sdyu001ab/sdyu001ab.pdf},
    address   = {Dallas, TX, USA},
    year      = {2017},
}

@book{BOYLESTAD,
    author    = "Robert L. Boylestad",
    title     = "Electronic Devices and Circuit Theory",
    edition   = "11",
    year      = "2014",
    publisher = "Pearson Education Canada",
    address   = "Harlow, United Kingdom"
}

%% Slides

@book{SLIDES_3,
    author    = {Eduardo García Breijo},
    title     = {Lecture 3: Counters},
    series    = {Digital Electronics},
    publisher = {Universidad Politécnica de Valencia},
    address   = {Valencia, Spain},
    year      = {2020}
}

@book{SLIDES_4,
    author    = {Eduardo García Breijo},
    title     = {Lecture 4: Finite State Machines (FSM)},
    series    = {Digital Electronics},
    publisher = {Universidad Politécnica de Valencia},
    address   = {Valencia, Spain},
    year      = {2020}
}

@book{SLIDES_5,
    author    = {Eduardo Garcia Breijo},
    title     = {Lecture 5: Registers},
    series    = {Digital Electronics},
    publisher = {Universidad Politécnica de Valencia},
    address   = {Valencia, Spain},
    year      = {2020}
}

@book{FSM,
    author    = {Aubi, Seth},
    title     = {Chapter 6: State Machines},
    series    = {Physics 351: Digital Electronics Lectures},
    publisher = {College of William and Mary},
    url       = {https://bit.ly/State_FSMs},
    address   = {Williamsburg, VA, USA},
    year      = {2007}
}


@book{ARDUINO,
    author    = {{Arduino LLC}},
    title     = {The Arduino Projects Book},
    edition   = {1st},
    address   = {Torino, Italy},
    year      = {2012}
}

@book{ADC_PROCESS,
    author    = {Dr. Medien Zeghid},
    title     = {Digital Signal Processing, DSP},
    series    = {Digital Electronics},
    publisher = {College of Engineering Waddi Addawasir},
    address   = {Waddi Addawasir, Saudi Arabia},
    year      = {2014}
}


@book{SLIDES_MICROS,
    author    = {José Maria Monzo Ferrer},
    title     = {Lecture 10.2: Microcontroller AVR 8 Bits (ATMega328P). Part II},
    series    = {Digital Electronics},
    publisher = {Universidad Politécnica de Valencia},
    address   = {Valencia, Spain},
    year      = {2020}
}

%% Datasheets

@Manual{555_DS,
  title        = {{xx555 Precision Timers}},
  month        = {September},
  year         = {2014},
  number       = {NE555},
  note         = {Rev. 1},
  organization = {Texas Instruments},
  url          = {https://www.ti.com/lit/ds/symlink/ne555.pdf},
}

@Manual{L293D,
  title        = {L293x Quadruple Half-H Drivers},
  month        = {January},
  year         = {2016},
  number       = {L293D},
  note         = {Rev. D},
  organization = {Texas Instruments},
  url          = {https://www.ti.com/lit/ds/symlink/l293.pdf},
}

@Manual{ENCODER,
  title        = {Series 25L: Hex, Gray and Quadrature Code},
  note         = {25LB10-Q },
  organization = {Grayhill},
  url          = {http://www.grayhill.com/assets/1/7/Mech_Encoder_25L.pdf},
}

@Manual{7-SEGMENT,
  title        = {Standard 7-Segment Display 13 mm},
  month        = {January},
  year         = {2019},
  number       = {TDSG51},
  organization = {Vishay},
  url          = {https://www.vishay.com/docs/83126/tdsg51.pdf},
}

@Manual{74HC194,
  title        = {4-bit bidirectional universal shift register},
  month        = {November},
  year         = {2016},
  number       = {74HC194},
  note         = {Rev. 3},
  organization = {Nexperia},
  url          = {https://assets.nexperia.com/documents/data-sheet/74HC194.pdf},
}

@Manual{6116,
  title        = {{CMOS Static RAM 16K (2K x 8 Bit)}},
  month        = {March},
  year         = {1996},
  number       = {6116},
  note         = {Rev. 1},
  organization = {Integrated Device Technology, Inc.},
  url          = {https://www.princeton.edu/~mae412/HANDOUTS/Datasheets/6116.pdf},
}

@Manual{74HCT04,
  title        = {{Hex Inverters: 74HCT04}},
  month        = {January},
  year         = {2013},
  number       = {74HCT04},
  note         = {Rev. 3},
  organization = {Diodes Incorporated},
  url          = {https://www.diodes.com/assets/Datasheets/74HCT04.pdf},
}

@Manual{BD135,
  title        = {{BD135G, BD137G, BD139G: Plastic Medium-Power Silicon NPN Transistors}},
  month        = {December},
  year         = {2013},
  number       = {BD135G},
  note         = {Rev. 17},
  organization = {ON Semiconductor},
  url          = {https://www.onsemi.com/pub/Collateral/BD135-D.PDF},
}

@Manual{ATMEGA328P,
  title        = {ATMega328P: 8-bit AVR Microcontroller with 32K Bytes In-System Programmable Flash},
  month        = {January},
  year         = {2015},
  number       = {ATMega328P},
  note         = {Rev. 7810D},
  organization = {Atmel Corporation},
  url          = {https://bit.ly/ATMega328P_Datasheet},
}


% URLs

@online{ATMEGA328P_PINOUT,
  author = {{Nets and Nuts}},
  title = {Pinout ATMega328P},
  year = 2017,
  url = {https://nets-nuts.com.br/wp-content/uploads/2017/01/atmega_328pu_pinout.svg},
  urldate = {2017-01-07}
}


@online{BQ_ARDUINO,
  author = {{Alberto Piganti, BQ}},
  title = {Pinout Uno},
  year = 2014,
  url = {http://diwo.bq.com/pinout-uno/},
  urldate = {2014-11-25}
}



